01,026009632,0055990725,180724,0211,01,80,1,2/
02,0055990725,026009632,1,180723,0211,USD,2/
03,0310024528,USD,015,+23864110754,,,045,+23864110754,,/
88,010,+23864110754,,,040,+000,,/
88,072,+0,,,074,+0,,/
88,075,+0,,,100,+0,,/
88,400,+0,,/
49,71592332262,6/
03,0000514535,USD,015,+277762047,,,045,+277762047,,/
88,010,+277762047,,,040,+000,,/
88,072,+0,,,074,+0,,/
88,075,+0,,,100,+0,,/
88,400,+0,,/
49,833286141,6/
03,0310025397,USD,015,+31745379,,,045,+31745379,,/
88,010,+31745379,,,040,+000,,/
88,072,+0,,,074,+0,,/
88,075,+0,,,100,+0,,/
88,400,+0,,/
49,95236137,6/
03,0310014468,USD,015,+93128902,,,045,+93128902,,/
88,010,+93128902,,,040,+000,,/
88,072,+0,,,074,+0,,/
88,075,+0,,,100,+0,,/
88,400,+0,,/
49,279386706,6/
03,0410201456,USD,015,+6057998172,,,045,+6057998172,,/
88,010,+6057998172,,,040,+000,,/
88,072,+0,,,074,+0,,/
88,075,+0,,,100,+0,,/
88,400,+0,,/
49,18173994516,6/
03,0310069793,USD,015,-27286284,,,045,-27286284,,/
88,010,-27286284,,,040,+000,,/
88,072,+0,,,074,+0,,/
88,075,+0,,,100,+0,,/
88,400,+0,,/
49,-81858852,6/
03,0410200786,USD,015,+20901811,,,045,+20901811,,/
88,010,+20901811,,,040,+000,,/
88,072,+0,,,074,+0,,/
88,075,+0,,,100,+0,,/
88,400,+0,,/
49,62705433,6/
03,0310068363,USD,015,+113317013,,,045,+113317013,,/
88,010,+113317013,,,040,+000,,/
88,072,+0,,,074,+0,,/
88,075,+0,,,100,+0,,/
88,400,+0,,/
49,339951039,6/
98,91295033382,8,50/
02,0055990725,071002341,1,180723,0211,USD,2/
03,0508661929,USD,015,+1812321874,,,045,+1812321874,,/
88,010,+1812321874,,,040,+000,,/
88,072,+0,,,074,+0,,/
88,075,+0,,,100,+0,,/
88,400,+0,,/
49,5436965622,6/
03,0508661805,USD,015,+101363805,,,045,+101363805,,/
88,010,+101363805,,,040,+000,,/
88,072,+0,,,074,+0,,/
88,075,+0,,,100,+0,,/
88,400,+0,,/
49,304091415,6/
03,0508662283,USD,015,+196049672,,,045,+196049672,,/
88,010,+196049672,,,040,+000,,/
88,072,+0,,,074,+0,,/
88,075,+0,,,100,+0,,/
88,400,+0,,/
49,588149016,6/
03,0508661813,USD,015,-843240404,,,045,-843240404,,/
88,010,-843240404,,,040,+000,,/
88,072,+0,,,074,+0,,/
88,075,+0,,,100,+0,,/
88,400,+0,,/
49,-2529721212,6/
98,3799484841,4,26/
99,95094518223,2,78/
